@article{dobson2003geoslavery,
  title={Geoslavery},
  author={Dobson, Jerome E and Fisher, Peter F},
  journal={IEEE Technology and Society Magazine},
  volume={22},
  number={1},
  pages={47--52},
  year={2003},
  publisher={IEEE}
}

@inproceedings{duckham2005formal,
	title={A formal model of obfuscation and negotiation for location privacy},
	author={Duckham, Matt and Kulik, Lars},
	booktitle={International conference on pervasive computing},
	pages={152--170},
	year={2005},
	organization={Springer}
}

@article{krumm2009survey,
	title={A survey of computational location privacy},
	author={Krumm, John},
	journal={Personal and Ubiquitous Computing},
	volume={13},
	number={6},
	pages={391--399},
	year={2009},
	publisher={Springer-Verlag}
}

@article{armstrong2005geographic,
	title={Geographic information technologies and personal privacy},
	author={Armstrong, Marc P and Ruggles, Amy J},
	journal={Cartographica: The International Journal for Geographic Information and Geovisualization},
	volume={40},
	number={4},
	pages={63--73},
	year={2005},
	publisher={International Cartographic Association/Association Cartographique internationale}
}

@article{kessler2018geoprivacy,
	title={A geoprivacy manifesto},
	author={Ke{\ss}ler, Carsten and McKenzie, Grant},
	journal={Transactions in GIS},
	volume={22},
	number={1},
	pages={3--19},
	year={2018},
	publisher={Wiley Online Library}
}
@article{glueck2019,
	title={How to Stop the Abuse of Location Data},
	author={Glueck, Jeff},
	year={2019},
	journal={{The New York Times}},
	date={October 16, 2019},
	url={https://www.nytimes.com/2019/10/16/opinion/foursquare-privacy-internet.html}
}

@article{dwork2011differential,
	title={Differential privacy},
	author={Dwork, Cynthia},
	journal={Encyclopedia of Cryptography and Security},
	pages={338--340},
	year={2011},
	publisher={Springer}
}

@article{rubinstein2017diffpriv,
	title={{diffpriv: An R Package for Easy Differential Privacy}},
	author={Rubinstein, Benjamin IP and Alda, Francesco},
	journal={Journal of Machine Learning Research},
	volume={18},
	pages={1--5},
	year={2017}
}

@inproceedings{naghizadeseeking,
	title={{Seeking Mr \& Ms Regular: Sentinels to Characterize Crowd Dynamics (Vision Paper)}},
	author={Naghizade, Elham and Chan, Jeffrey and Tomko, Martin},
	booktitle={Location Privacy and Security Workshop},
	eventdate={August 28, 2018},
	year={2018},
	location={Melbourne, Australia}
}

@inproceedings{liu2018,
  	title={{trajGANs: Using generative adversarial networks for geo-privacy protection of trajectory data (Vision paper)}},
	author={Liu, Xi and Chen, Hanzhou and Andris, Clio},
	booktitle={Location Privacy and Security Workshop},
	eventdate={August 28, 2018},
	year={2018},
	location={Melbourne, Australia}
}

@article{census2020,
 author = {Kugler, Logan},
 title = {Protecting the 2020 Census},
 journal = {Commun. ACM},
 issue_date = {July 2019},
 volume = {62},
 number = {7},
 month = jun,
 year = {2019},
 issn = {0001-0782},
 pages = {17--19},
 numpages = {3},
 url = {http://doi.acm.org/10.1145/3329719},
 doi = {10.1145/3329719},
 acmid = {3329719},
 publisher = {ACM},
 address = {New York, NY, USA},
}

@inproceedings{gao2018,
	title={Exploring the effectiveness of geomasking techniques for protecting the geoprivacy of Twitter users},
	author={Gao, Song and Huang, Qunying},
	booktitle={Location Privacy and Security Workshop},
	eventdate={August 28, 2018},
	year={2018},
	location={Melbourne, Australia}
}

@article{gao2019exploring,
	title={Exploring the effectiveness of geomasking techniques for protecting the geoprivacy of Twitter users},
	author={Gao, Song and Rao, Jinmeng and Liu, Xinyi and Kang, Yuhao and Huang, Qunying and App, Joseph},
	journal={Journal of Spatial Information Science},
	year={2019}
}

@article{katsomallos2019privacy,
	title={Privacy, Space and Time: a Survey on Privacy-Preserving Continuous Data Publishing},
	author={Katsomallos, Manos and Tzompanaki, Katerina and Kotzinos, Dimitris},
	journal={Journal of Spatial Information Science},
	year={2019}
}
